@incollection{witten1988index,
  title={The index of the Dirac operator in loop space},
  author={Witten, Edward},
  booktitle={Elliptic curves and modular forms in algebraic topology},
  pages={161--181},
  year={1988},
  publisher={Springer}
}
