@incollection{witten1988index,
  title={The index of the Dirac operator in loop space},
  author={Witten, Edward},
  booktitle={Elliptic curves and modular forms in algebraic topology},
  pages={161--181},
  year={1988},
  publisher={Springer}
}


@article{zhou2014witten,
  title={Witten genus of generalized complete intersections in products of Grassmannians},
  author={Zhou, Jian and Zhuang, Xiaobo},
  journal={International Journal of Mathematics},
  volume={25},
  number={10},
  pages={1450095},
  year={2014},
  publisher={World Scientific}
}

@article{liu1996elliptic,
  title={On elliptic genera and theta-functions},
  author={Liu, Kefeng},
  journal={Topology},
  volume={35},
  number={3},
  pages={617--640},
  year={1996},
  publisher={Elsevier}
}

@book{hirzebruch1992manifolds,
  title={Manifolds and modular forms},
  author={Hirzebruch, Friedrich and Berger, Thomas and Jung, Rainer and Berger, Thomas},
  volume={20},
  year={1992},
  publisher={Springer}
}

@incollection{zagier1988note,
  title={Note on the Landweber-Stong elliptic genus},
  author={Zagier, Don},
  booktitle={Elliptic curves and modular forms in algebraic topology},
  pages={216--224},
  year={1988},
  publisher={Springer}
}

@article{stolz1996conjecture,
  title={A conjecture concerning positive Ricci curvature and the Witten genus},
  author={Stolz, Stephan},
  journal={Mathematische Annalen},
  volume={304},
  number={1},
  pages={785--800},
  year={1996},
  publisher={Springer}
}

@book{lawson2016spin,
  title={Spin Geometry (PMS-38)},
  author={Lawson, H Blaine and Michelsohn, Marie-Louise},
  volume={38},
  year={1990},
  publisher={Princeton university press}
}

@article{dessai2009some,
  title={Some geometric properties of the Witten genus},
  author={Dessai, Anand},
  journal={Contemporary Mathematics},
  volume={504},
  pages={99},
  year={2009}
}

@book{dessai1994witten,
  title={The Witten genus and S\_1hn3-actions on manifolds},
  author={Dessai, Anand},
  year={1994},
  publisher={Univ., Fachbereich Mathematik}
}

@article{liu1995modular,
  title={On modular invariance and rigidity theorems},
  author={Liu, Kefeng and others},
  journal={Journal of Differential Geometry},
  volume={41},
  number={2},
  pages={343--396},
  year={1995},
  publisher={Lehigh University}
}

@article{forster2007stolz,
  title={On the stolz conjecture for generalized complete intersections in irreducible, compact},
  author={F{\"o}rster, M},
  journal={Hermitian, symmetric spaces (Fachbereich Mathematik und Informatik, Dissertation, Universit{\"a}t M{\"u}nster, M{\"u}nster, 2007)},
  year={2007}
}

@article{wiemeler2017note,
  title={A note on torus actions and the Witten genus},
  author={Wiemeler, Michael},
  journal={Pacific Journal of Mathematics},
  volume={286},
  number={2},
  pages={499--510},
  year={2017},
  publisher={Mathematical Sciences Publishers}
}

@article{chen2008witten,
  title={Witten genus and string complete intersections},
  author={Chen, Qingtao and Han, Fei},
  journal={Pacific Journal of Mathematics},
  volume={234},
  number={2},
  pages={249--259},
  year={2008},
  publisher={Mathematical Sciences Publishers}
}

@article{zhuang2016vanishing,
  title={Vanishing theorems of generalized Witten genus for generalized complete intersections in flag manifolds},
  author={Zhuang, Xiaobo},
  journal={International Journal of Mathematics},
  volume={27},
  number={09},
  pages={1650076},
  year={2016},
  publisher={World Scientific}
}

@article{zhou2014witten,
  title={Witten genus of generalized complete intersections in products of Grassmannians},
  author={Zhou, Jian and Zhuang, Xiaobo},
  journal={International Journal of Mathematics},
  volume={25},
  number={10},
  pages={1450095},
  year={2014},
  publisher={World Scientific}
}

@article{dessai2016torus,
  title={Torus actions, fixed-point formulas, elliptic genera and positive curvature},
  author={Dessai, Anand},
  journal={Frontiers of Mathematics in China},
  volume={11},
  number={5},
  pages={1151--1187},
  year={2016},
  publisher={Springer}
}

@article{ma2005elliptic,
  title={Elliptic genera of complete intersections},
  author={Ma, Xiaoguang and Zhou, Jian},
  journal={International Journal of Mathematics},
  volume={16},
  number={10},
  pages={1131--1155},
  year={2005},
  publisher={World Scientific}
}

@article{gorbounov2008mirror,
  title={Mirror symmetry formulae for the elliptic genus of complete intersections},
  author={Gorbounov, Vassily and Ochanine, Serge},
  journal={Journal of Topology},
  volume={1},
  number={2},
  pages={429--445},
  year={2008},
  publisher={Oxford University Press}
}

@book{ewald2012combinatorial,
  title={Combinatorial convexity and algebraic geometry},
  author={Ewald, G{\"u}nter},
  volume={168},
  year={2012},
  publisher={Springer Science \& Business Media}
}

@misc{cox2009toric,
  title={Toric Varieties (Graduate Studies in Mathematics).},
  author={Cox, David and Little, John and Schenck, Hal},
  year={2009},
  publisher={American Mathematical Society}
}

@book{fulton2013intersection,
  title={Intersection theory},
  author={Fulton, William},
  volume={2},
  year={2013},
  publisher={Springer Science \& Business Media}
}

@book{milnor1974characteristic,
  title={Characteristic Classes},
  author={Milnor, John Willard and Stasheff, James D},
  number={76},
  year={1974},
  publisher={Princeton University Press}
}

@book{bott2013differential,
  title={Differential forms in algebraic topology},
  author={Bott, Raoul and Tu, Loring W},
  volume={82},
  year={2013},
  publisher={Springer Science \& Business Media}
}

@article{hatcher2003vector,
  title={Vector Bundles and K-theory},
  author={Hatcher, Allen},
  journal={Im Internet unter http://www. math. cornell. edu/\~{} hatcher},
  year={2003}
}

@book{hirzebruch1966topological,
  title={Topological methods in algebraic geometry},
  author={Hirzebruch, Friedrich and Borel, Armand and Schwarzenberger, RLE},
  volume={175},
  year={1966},
  publisher={Springer Berlin-Heidelberg-New York}
}

@article{chandrasekharan1985elliptic,
  title={Elliptic functions},
  author={Chandrasekharan, Komaravolu},
  year={1985},
  publisher={Springer}
}

@article{da2001symplectic,
  title={Symplectic Toric Manifolds},
  author={da Silva, Ana Cannas},
  year={2001}
}

@article{givental1998mirror,
  title={A mirror theorem for toric complete intersections},
  author={Givental, Alexander},
  year={1998}
}

@book{borel1960seminar,
  title={Seminar on Transformation Groups},
  author={Borel, Armand},
  number={46},
  year={1960},
  publisher={Princeton University Press}
}

